@article{moore-penrose,
  title={The Moore-Penrose Inverse and Least Squares},
  author={MacAusland, R.},
  year={2014},
  organization={University of Puget Sound}
}

@inproceedings{search-clustering,
  title={Search Result Clustering using a Singular Value Decomposition (SVD)},
  author={Abdulla H.D., Snasel V.},
  year={2009},
  publisher={Springer},
  organization={First International Conference on Intelligent Human Computer Interaction}
}
