@article{krishna2017visual,
  title={Visual genome: Connecting language and vision using crowdsourced dense image annotations},
  author={Krishna, Ranjay and Zhu, Yuke and Groth, Oliver and Johnson, Justin and Hata, Kenji and Kravitz, Joshua and Chen, Stephanie and Kalantidis, Yannis and Li, Li-Jia and Shamma, David A and others},
  journal={International Journal of Computer Vision},
  volume={123},
  number={1},
  pages={32--73},
  year={2017},
  publisher={Springer}
}

@article{papert1966summer,
  title={The summer vision project},
  author={Papert, Seymour A},
  year={1966}
}

@article{hubel,
  title={Receptive fields, binocular interaction and functional architecture in the cat's visual cortex},
  author={Hubel, David H and Wiesel, Torsten N},
  journal={The Journal of physiology},
  volume={160},
  number={1},
  pages={106--154},
  year={1962},
  publisher={Wiley Online Library}
}

@article{speed,
  title={Speed of processing in the human visual system},
  author={Thorpe, Simon and Fize, Denise and Marlot, Catherine},
  journal={nature},
  volume={381},
  number={6582},
  pages={520},
  year={1996},
  publisher={Nature Publishing Group}
}

@article{failure,
  title={On the failure to detect changes in scenes across brief interruptions},
  author={Rensink, Ronald A and Kevin O'Regan, J and Clark, James J},
  journal={Visual cognition},
  volume={7},
  number={1-3},
  pages={127--145},
  year={2000},
  publisher={Taylor \& Francis}
}