@article{siggraphseamcarving,
  title={Seam carving for content-aware image resizing},
  author={Shai Avidan, 	Ariel Shamir},
  journal={ACM Trans. Graph},
  volume={26},
  number={3},
  pages={10},
  year={2007},
}
@inproceedings{judd2009learning,
  title={Learning to predict where humans look},
  author={Judd, Tilke and Ehinger, Krista and Durand, Fr{\'e}do and Torralba, Antonio},
  booktitle={Computer Vision, 2009 IEEE 12th international conference on},
  pages={2106--2113},
  year={2009},
  organization={IEEE}
}
