@article{hog_human_detection,
	title={"Histograms of Oriented Gradients for Human Detection"},
    author={Dalal Navneet, Bill Triggs},
    journal={Computer Vision and Pattern Recognition, 2005. CVPR 2005. IEEE Computer Society Conference on},
    publisher={IEEE},
    year={2005},
    volume={1}
}

@article{DPM,
	title={"The Representation and Matching of Pictorial Structures"},
    author={Martin A. Fischler, Robert A. Elshlager},
    journal={IEEE Transactions on Computers ( Volume: C-22, Issue: 1, Jan. 1973 )},
    publisher={IEEE},
    year={1973},
}
